%YAML 1.1
%TAG !u! tag:unity3d.com,2011:
--- !u!29 &1
OcclusionCullingSettings:
  m_ObjectHideFlags: 0
  serializedVersion: 2
  m_OcclusionBakeSettings:
    smallestOccluder: 5
    smallestHole: 0.25
    backfaceThreshold: 100
  m_SceneGUID: 00000000000000000000000000000000
  m_OcclusionCullingData: {fileID: 0}
--- !u!104 &2
RenderSettings:
  m_ObjectHideFlags: 0
  serializedVersion: 9
  m_Fog: 0
  m_FogColor: {r: 0.5, g: 0.5, b: 0.5, a: 1}
  m_FogMode: 3
  m_FogDensity: 0.01
  m_LinearFogStart: 0
  m_LinearFogEnd: 300
  m_AmbientSkyColor: {r: 0.212, g: 0.227, b: 0.259, a: 1}
  m_AmbientEquatorColor: {r: 0.114, g: 0.125, b: 0.133, a: 1}
  m_AmbientGroundColor: {r: 0.047, g: 0.043, b: 0.035, a: 1}
  m_AmbientIntensity: 1
  m_AmbientMode: 3
  m_SubtractiveShadowColor: {r: 0.42, g: 0.478, b: 0.627, a: 1}
  m_SkyboxMaterial: {fileID: 0}
  m_HaloStrength: 0.5
  m_FlareStrength: 1
  m_FlareFadeSpeed: 3
  m_HaloTexture: {fileID: 0}
  m_SpotCookie: {fileID: 10001, guid: 0000000000000000e000000000000000, type: 0}
  m_DefaultReflectionMode: 0
  m_DefaultReflectionResolution: 128
  m_ReflectionBounces: 1
  m_ReflectionIntensity: 1
  m_CustomReflection: {fileID: 0}
  m_Sun: {fileID: 0}
  m_IndirectSpecularColor: {r: 0, g: 0, b: 0, a: 1}
  m_UseRadianceAmbientProbe: 0
--- !u!157 &3
LightmapSettings:
  m_ObjectHideFlags: 0
  serializedVersion: 11
  m_GIWorkflowMode: 1
  m_GISettings:
    serializedVersion: 2
    m_BounceScale: 1
    m_IndirectOutputScale: 1
    m_AlbedoBoost: 1
    m_TemporalCoherenceThreshold: 1
    m_EnvironmentLightingMode: 0
    m_EnableBakedLightmaps: 0
    m_EnableRealtimeLightmaps: 0
  m_LightmapEditorSettings:
    serializedVersion: 10
    m_Resolution: 2
    m_BakeResolution: 40
    m_AtlasSize: 1024
    m_AO: 0
    m_AOMaxDistance: 1
    m_CompAOExponent: 1
    m_CompAOExponentDirect: 0
    m_Padding: 2
    m_LightmapParameters: {fileID: 0}
    m_LightmapsBakeMode: 1
    m_TextureCompression: 1
    m_FinalGather: 0
    m_FinalGatherFiltering: 1
    m_FinalGatherRayCount: 256
    m_ReflectionCompression: 2
    m_MixedBakeMode: 2
    m_BakeBackend: 0
    m_PVRSampling: 1
    m_PVRDirectSampleCount: 32
    m_PVRSampleCount: 500
    m_PVRBounces: 2
    m_PVRFilterTypeDirect: 0
    m_PVRFilterTypeIndirect: 0
    m_PVRFilterTypeAO: 0
    m_PVRFilteringMode: 1
    m_PVRCulling: 1
    m_PVRFilteringGaussRadiusDirect: 1
    m_PVRFilteringGaussRadiusIndirect: 5
    m_PVRFilteringGaussRadiusAO: 2
    m_PVRFilteringAtrousPositionSigmaDirect: 0.5
    m_PVRFilteringAtrousPositionSigmaIndirect: 2
    m_PVRFilteringAtrousPositionSigmaAO: 1
    m_ShowResolutionOverlay: 1
  m_LightingDataAsset: {fileID: 0}
  m_UseShadowmask: 1
--- !u!196 &4
NavMeshSettings:
  serializedVersion: 2
  m_ObjectHideFlags: 0
  m_BuildSettings:
    serializedVersion: 2
    agentTypeID: 0
    agentRadius: 0.5
    agentHeight: 2
    agentSlope: 45
    agentClimb: 0.4
    ledgeDropHeight: 0
    maxJumpAcrossDistance: 0
    minRegionArea: 2
    manualCellSize: 0
    cellSize: 0.16666667
    manualTileSize: 0
    tileSize: 256
    accuratePlacement: 0
    debug:
      m_Flags: 0
  m_NavMeshData: {fileID: 0}
--- !u!4 &104041353 stripped
Transform:
  m_CorrespondingSourceObject: {fileID: 4467352811390872, guid: 86d21051d4835434bbd4395b4108d21b,
    type: 2}
  m_PrefabInternal: {fileID: 1568672736}
--- !u!114 &156780595 stripped
MonoBehaviour:
  m_CorrespondingSourceObject: {fileID: 114464999269630664, guid: 2e718a57da2c9c049b0d773b0b0d351f,
    type: 2}
  m_PrefabInternal: {fileID: 2065435698}
  m_Script: {fileID: 11500000, guid: f4688fdb7df04437aeb418b961361dc5, type: 3}
--- !u!1001 &246293773
Prefab:
  m_ObjectHideFlags: 0
  serializedVersion: 2
  m_Modification:
    m_TransformParent: {fileID: 0}
    m_Modifications:
    - target: {fileID: 4465416397628460, guid: 69b6b6ceaf128304b96aa57cf7a3bbb3, type: 2}
      propertyPath: m_LocalPosition.x
      value: 0
      objectReference: {fileID: 0}
    - target: {fileID: 4465416397628460, guid: 69b6b6ceaf128304b96aa57cf7a3bbb3, type: 2}
      propertyPath: m_LocalPosition.y
      value: 0
      objectReference: {fileID: 0}
    - target: {fileID: 4465416397628460, guid: 69b6b6ceaf128304b96aa57cf7a3bbb3, type: 2}
      propertyPath: m_LocalPosition.z
      value: 0
      objectReference: {fileID: 0}
    - target: {fileID: 4465416397628460, guid: 69b6b6ceaf128304b96aa57cf7a3bbb3, type: 2}
      propertyPath: m_LocalRotation.x
      value: 0
      objectReference: {fileID: 0}
    - target: {fileID: 4465416397628460, guid: 69b6b6ceaf128304b96aa57cf7a3bbb3, type: 2}
      propertyPath: m_LocalRotation.y
      value: 0
      objectReference: {fileID: 0}
    - target: {fileID: 4465416397628460, guid: 69b6b6ceaf128304b96aa57cf7a3bbb3, type: 2}
      propertyPath: m_LocalRotation.z
      value: 0
      objectReference: {fileID: 0}
    - target: {fileID: 4465416397628460, guid: 69b6b6ceaf128304b96aa57cf7a3bbb3, type: 2}
      propertyPath: m_LocalRotation.w
      value: 1
      objectReference: {fileID: 0}
    - target: {fileID: 4465416397628460, guid: 69b6b6ceaf128304b96aa57cf7a3bbb3, type: 2}
      propertyPath: m_RootOrder
      value: 2
      objectReference: {fileID: 0}
    m_RemovedComponents: []
  m_SourcePrefab: {fileID: 100100000, guid: 69b6b6ceaf128304b96aa57cf7a3bbb3, type: 2}
  m_IsPrefabAsset: 0
--- !u!4 &282651108 stripped
Transform:
  m_CorrespondingSourceObject: {fileID: 4109509668816610, guid: 86d21051d4835434bbd4395b4108d21b,
    type: 2}
  m_PrefabInternal: {fileID: 1568672736}
--- !u!4 &291882408 stripped
Transform:
  m_CorrespondingSourceObject: {fileID: 4119866596124442, guid: 86d21051d4835434bbd4395b4108d21b,
    type: 2}
  m_PrefabInternal: {fileID: 1568672736}
--- !u!1 &519420028
GameObject:
  m_ObjectHideFlags: 0
  m_CorrespondingSourceObject: {fileID: 0}
  m_PrefabInternal: {fileID: 0}
  serializedVersion: 6
  m_Component:
  - component: {fileID: 519420032}
  - component: {fileID: 519420031}
  - component: {fileID: 519420029}
  m_Layer: 0
  m_Name: Main Camera
  m_TagString: MainCamera
  m_Icon: {fileID: 0}
  m_NavMeshLayer: 0
  m_StaticEditorFlags: 0
  m_IsActive: 1
--- !u!81 &519420029
AudioListener:
  m_ObjectHideFlags: 0
  m_CorrespondingSourceObject: {fileID: 0}
  m_PrefabInternal: {fileID: 0}
  m_GameObject: {fileID: 519420028}
  m_Enabled: 1
--- !u!20 &519420031
Camera:
  m_ObjectHideFlags: 0
  m_CorrespondingSourceObject: {fileID: 0}
  m_PrefabInternal: {fileID: 0}
  m_GameObject: {fileID: 519420028}
  m_Enabled: 1
  serializedVersion: 2
  m_ClearFlags: 2
  m_BackGroundColor: {r: 0.19215687, g: 0.3019608, b: 0.4745098, a: 0}
  m_projectionMatrixMode: 1
  m_SensorSize: {x: 36, y: 24}
  m_LensShift: {x: 0, y: 0}
  m_FocalLength: 50
  m_NormalizedViewPortRect:
    serializedVersion: 2
    x: 0
    y: 0
    width: 1
    height: 1
  near clip plane: 0.3
  far clip plane: 1000
  field of view: 60
  orthographic: 1
  orthographic size: 10
  m_Depth: -1
  m_CullingMask:
    serializedVersion: 2
    m_Bits: 4294967295
  m_RenderingPath: -1
  m_TargetTexture: {fileID: 0}
  m_TargetDisplay: 0
  m_TargetEye: 0
  m_HDR: 1
  m_AllowMSAA: 0
  m_AllowDynamicResolution: 0
  m_ForceIntoRT: 0
  m_OcclusionCulling: 0
  m_StereoConvergence: 10
  m_StereoSeparation: 0.022
--- !u!4 &519420032
Transform:
  m_ObjectHideFlags: 0
  m_CorrespondingSourceObject: {fileID: 0}
  m_PrefabInternal: {fileID: 0}
  m_GameObject: {fileID: 519420028}
  m_LocalRotation: {x: 0, y: 0, z: 0, w: 1}
  m_LocalPosition: {x: 0, y: 0, z: -10}
  m_LocalScale: {x: 1, y: 1, z: 1}
  m_Children: []
  m_Father: {fileID: 0}
  m_RootOrder: 0
  m_LocalEulerAnglesHint: {x: 0, y: 0, z: 0}
--- !u!4 &569602791 stripped
Transform:
  m_CorrespondingSourceObject: {fileID: 4531625949963846, guid: 86d21051d4835434bbd4395b4108d21b,
    type: 2}
  m_PrefabInternal: {fileID: 1568672736}
--- !u!1001 &710975148
Prefab:
  m_ObjectHideFlags: 0
  serializedVersion: 2
  m_Modification:
    m_TransformParent: {fileID: 0}
    m_Modifications:
    - target: {fileID: 4177122993283156, guid: a2b0bd9a6cbfe174ead4c8c40e64ce87, type: 2}
      propertyPath: m_LocalPosition.x
      value: 0
      objectReference: {fileID: 0}
    - target: {fileID: 4177122993283156, guid: a2b0bd9a6cbfe174ead4c8c40e64ce87, type: 2}
      propertyPath: m_LocalPosition.y
      value: 0
      objectReference: {fileID: 0}
    - target: {fileID: 4177122993283156, guid: a2b0bd9a6cbfe174ead4c8c40e64ce87, type: 2}
      propertyPath: m_LocalPosition.z
      value: 0
      objectReference: {fileID: 0}
    - target: {fileID: 4177122993283156, guid: a2b0bd9a6cbfe174ead4c8c40e64ce87, type: 2}
      propertyPath: m_LocalRotation.x
      value: 0
      objectReference: {fileID: 0}
    - target: {fileID: 4177122993283156, guid: a2b0bd9a6cbfe174ead4c8c40e64ce87, type: 2}
      propertyPath: m_LocalRotation.y
      value: 0
      objectReference: {fileID: 0}
    - target: {fileID: 4177122993283156, guid: a2b0bd9a6cbfe174ead4c8c40e64ce87, type: 2}
      propertyPath: m_LocalRotation.z
      value: 0
      objectReference: {fileID: 0}
    - target: {fileID: 4177122993283156, guid: a2b0bd9a6cbfe174ead4c8c40e64ce87, type: 2}
      propertyPath: m_LocalRotation.w
      value: 1
      objectReference: {fileID: 0}
    - target: {fileID: 4177122993283156, guid: a2b0bd9a6cbfe174ead4c8c40e64ce87, type: 2}
      propertyPath: m_RootOrder
      value: 6
      objectReference: {fileID: 0}
    m_RemovedComponents: []
  m_SourcePrefab: {fileID: 100100000, guid: a2b0bd9a6cbfe174ead4c8c40e64ce87, type: 2}
  m_IsPrefabAsset: 0
--- !u!4 &725344560 stripped
Transform:
  m_CorrespondingSourceObject: {fileID: 4543532914084462, guid: 86d21051d4835434bbd4395b4108d21b,
    type: 2}
  m_PrefabInternal: {fileID: 1568672736}
--- !u!1001 &845317674
Prefab:
  m_ObjectHideFlags: 0
  serializedVersion: 2
  m_Modification:
    m_TransformParent: {fileID: 0}
    m_Modifications:
    - target: {fileID: 4112640488543490, guid: 44a53c4eb61976c408b30d6679b54f69, type: 2}
      propertyPath: m_LocalPosition.x
      value: 0
      objectReference: {fileID: 0}
    - target: {fileID: 4112640488543490, guid: 44a53c4eb61976c408b30d6679b54f69, type: 2}
      propertyPath: m_LocalPosition.y
      value: 0
      objectReference: {fileID: 0}
    - target: {fileID: 4112640488543490, guid: 44a53c4eb61976c408b30d6679b54f69, type: 2}
      propertyPath: m_LocalPosition.z
      value: 0
      objectReference: {fileID: 0}
    - target: {fileID: 4112640488543490, guid: 44a53c4eb61976c408b30d6679b54f69, type: 2}
      propertyPath: m_LocalRotation.x
      value: 0
      objectReference: {fileID: 0}
    - target: {fileID: 4112640488543490, guid: 44a53c4eb61976c408b30d6679b54f69, type: 2}
      propertyPath: m_LocalRotation.y
      value: 0
      objectReference: {fileID: 0}
    - target: {fileID: 4112640488543490, guid: 44a53c4eb61976c408b30d6679b54f69, type: 2}
      propertyPath: m_LocalRotation.z
      value: 0
      objectReference: {fileID: 0}
    - target: {fileID: 4112640488543490, guid: 44a53c4eb61976c408b30d6679b54f69, type: 2}
      propertyPath: m_LocalRotation.w
      value: 1
      objectReference: {fileID: 0}
    - target: {fileID: 4112640488543490, guid: 44a53c4eb61976c408b30d6679b54f69, type: 2}
      propertyPath: m_RootOrder
      value: 1
      objectReference: {fileID: 0}
    - target: {fileID: 114082805121629238, guid: 44a53c4eb61976c408b30d6679b54f69,
        type: 2}
      propertyPath: scoreText
      value: 
      objectReference: {fileID: 156780595}
    - target: {fileID: 114082805121629238, guid: 44a53c4eb61976c408b30d6679b54f69,
        type: 2}
      propertyPath: gameOverText
      value: 
      objectReference: {fileID: 1499557068}
    - target: {fileID: 114082805121629238, guid: 44a53c4eb61976c408b30d6679b54f69,
        type: 2}
      propertyPath: healthBar
      value: 
      objectReference: {fileID: 1822064396}
    - target: {fileID: 114082805121629238, guid: 44a53c4eb61976c408b30d6679b54f69,
        type: 2}
      propertyPath: spawnPoints.Array.data[0]
      value: 
      objectReference: {fileID: 2088469083}
    - target: {fileID: 114082805121629238, guid: 44a53c4eb61976c408b30d6679b54f69,
        type: 2}
      propertyPath: spawnPoints.Array.data[1]
      value: 
      objectReference: {fileID: 725344560}
    - target: {fileID: 114082805121629238, guid: 44a53c4eb61976c408b30d6679b54f69,
        type: 2}
      propertyPath: spawnPoints.Array.data[2]
      value: 
      objectReference: {fileID: 291882408}
    - target: {fileID: 114082805121629238, guid: 44a53c4eb61976c408b30d6679b54f69,
        type: 2}
      propertyPath: spawnPoints.Array.data[3]
      value: 
      objectReference: {fileID: 1657617775}
    - target: {fileID: 114082805121629238, guid: 44a53c4eb61976c408b30d6679b54f69,
        type: 2}
      propertyPath: spawnPoints.Array.data[4]
      value: 
      objectReference: {fileID: 282651108}
    - target: {fileID: 114082805121629238, guid: 44a53c4eb61976c408b30d6679b54f69,
        type: 2}
      propertyPath: spawnPoints.Array.data[5]
      value: 
      objectReference: {fileID: 569602791}
    - target: {fileID: 114082805121629238, guid: 44a53c4eb61976c408b30d6679b54f69,
        type: 2}
      propertyPath: spawnPoints.Array.data[6]
      value: 
      objectReference: {fileID: 104041353}
    - target: {fileID: 114082805121629238, guid: 44a53c4eb61976c408b30d6679b54f69,
        type: 2}
      propertyPath: spawnPoints.Array.data[7]
      value: 
      objectReference: {fileID: 1323414219}
    - target: {fileID: 114082805121629238, guid: 44a53c4eb61976c408b30d6679b54f69,
        type: 2}
      propertyPath: spawnPoints.Array.data[8]
      value: 
      objectReference: {fileID: 1694280658}
    m_RemovedComponents: []
  m_SourcePrefab: {fileID: 100100000, guid: 44a53c4eb61976c408b30d6679b54f69, type: 2}
  m_IsPrefabAsset: 0
--- !u!4 &1323414219 stripped
Transform:
  m_CorrespondingSourceObject: {fileID: 4090758162870994, guid: 86d21051d4835434bbd4395b4108d21b,
    type: 2}
  m_PrefabInternal: {fileID: 1568672736}
--- !u!114 &1499557068 stripped
MonoBehaviour:
  m_CorrespondingSourceObject: {fileID: 114134078273319484, guid: 2e718a57da2c9c049b0d773b0b0d351f,
    type: 2}
  m_PrefabInternal: {fileID: 2065435698}
  m_Script: {fileID: 11500000, guid: f4688fdb7df04437aeb418b961361dc5, type: 3}
--- !u!1 &1526632693
GameObject:
  m_ObjectHideFlags: 0
  m_CorrespondingSourceObject: {fileID: 0}
  m_PrefabInternal: {fileID: 0}
  serializedVersion: 6
  m_Component:
  - component: {fileID: 1526632695}
  - component: {fileID: 1526632694}
  m_Layer: 0
  m_Name: BG
  m_TagString: Untagged
  m_Icon: {fileID: 0}
  m_NavMeshLayer: 0
  m_StaticEditorFlags: 0
  m_IsActive: 1
--- !u!212 &1526632694
SpriteRenderer:
  m_ObjectHideFlags: 0
  m_CorrespondingSourceObject: {fileID: 0}
  m_PrefabInternal: {fileID: 0}
  m_GameObject: {fileID: 1526632693}
  m_Enabled: 1
  m_CastShadows: 0
  m_ReceiveShadows: 0
  m_DynamicOccludee: 1
  m_MotionVectors: 1
  m_LightProbeUsage: 1
  m_ReflectionProbeUsage: 1
  m_RenderingLayerMask: 4294967295
  m_Materials:
  - {fileID: 10754, guid: 0000000000000000f000000000000000, type: 0}
  m_StaticBatchInfo:
    firstSubMesh: 0
    subMeshCount: 0
  m_StaticBatchRoot: {fileID: 0}
  m_ProbeAnchor: {fileID: 0}
  m_LightProbeVolumeOverride: {fileID: 0}
  m_ScaleInLightmap: 1
  m_PreserveUVs: 0
  m_IgnoreNormalsForChartDetection: 0
  m_ImportantGI: 0
  m_StitchLightmapSeams: 0
  m_SelectedEditorRenderState: 0
  m_MinimumChartSize: 4
  m_AutoUVMaxDistance: 0.5
  m_AutoUVMaxAngle: 89
  m_LightmapParameters: {fileID: 0}
  m_SortingLayerID: -1248627517
  m_SortingLayer: -2
  m_SortingOrder: 0
  m_Sprite: {fileID: 21300000, guid: 8e160a2a620644cd6afef9119dad1093, type: 3}
  m_Color: {r: 0.7169812, g: 0.13866144, b: 0.1861067, a: 1}
  m_FlipX: 0
  m_FlipY: 0
  m_DrawMode: 0
  m_Size: {x: 3.84, y: 2.4}
  m_AdaptiveModeThreshold: 0.5
  m_SpriteTileMode: 0
  m_WasSpriteAssigned: 1
  m_MaskInteraction: 0
  m_SpriteSortPoint: 0
--- !u!4 &1526632695
Transform:
  m_ObjectHideFlags: 0
  m_CorrespondingSourceObject: {fileID: 0}
  m_PrefabInternal: {fileID: 0}
  m_GameObject: {fileID: 1526632693}
  m_LocalRotation: {x: 0, y: 0, z: 0, w: 1}
  m_LocalPosition: {x: 0, y: 0, z: 0}
  m_LocalScale: {x: 10.68, y: 10.05, z: 8.5}
  m_Children: []
  m_Father: {fileID: 0}
  m_RootOrder: 4
  m_LocalEulerAnglesHint: {x: 0, y: 0, z: 0}
--- !u!1001 &1568672736
Prefab:
  m_ObjectHideFlags: 0
  serializedVersion: 2
  m_Modification:
    m_TransformParent: {fileID: 0}
    m_Modifications:
    - target: {fileID: 4010737309579412, guid: 86d21051d4835434bbd4395b4108d21b, type: 2}
      propertyPath: m_LocalPosition.x
      value: 0
      objectReference: {fileID: 0}
    - target: {fileID: 4010737309579412, guid: 86d21051d4835434bbd4395b4108d21b, type: 2}
      propertyPath: m_LocalPosition.y
      value: 12.38
      objectReference: {fileID: 0}
    - target: {fileID: 4010737309579412, guid: 86d21051d4835434bbd4395b4108d21b, type: 2}
      propertyPath: m_LocalPosition.z
      value: 0
      objectReference: {fileID: 0}
    - target: {fileID: 4010737309579412, guid: 86d21051d4835434bbd4395b4108d21b, type: 2}
      propertyPath: m_LocalRotation.x
      value: 0
      objectReference: {fileID: 0}
    - target: {fileID: 4010737309579412, guid: 86d21051d4835434bbd4395b4108d21b, type: 2}
      propertyPath: m_LocalRotation.y
      value: 0
      objectReference: {fileID: 0}
    - target: {fileID: 4010737309579412, guid: 86d21051d4835434bbd4395b4108d21b, type: 2}
      propertyPath: m_LocalRotation.z
      value: 0
      objectReference: {fileID: 0}
    - target: {fileID: 4010737309579412, guid: 86d21051d4835434bbd4395b4108d21b, type: 2}
      propertyPath: m_LocalRotation.w
      value: 1
      objectReference: {fileID: 0}
    - target: {fileID: 4010737309579412, guid: 86d21051d4835434bbd4395b4108d21b, type: 2}
      propertyPath: m_RootOrder
      value: 7
      objectReference: {fileID: 0}
    m_RemovedComponents: []
  m_SourcePrefab: {fileID: 100100000, guid: 86d21051d4835434bbd4395b4108d21b, type: 2}
  m_IsPrefabAsset: 0
--- !u!1 &1584240214
GameObject:
  m_ObjectHideFlags: 0
  m_CorrespondingSourceObject: {fileID: 0}
  m_PrefabInternal: {fileID: 0}
  serializedVersion: 6
  m_Component:
  - component: {fileID: 1584240217}
  - component: {fileID: 1584240216}
  - component: {fileID: 1584240215}
  m_Layer: 0
  m_Name: EventSystem
  m_TagString: Untagged
  m_Icon: {fileID: 0}
  m_NavMeshLayer: 0
  m_StaticEditorFlags: 0
  m_IsActive: 1
--- !u!114 &1584240215
MonoBehaviour:
  m_ObjectHideFlags: 0
  m_CorrespondingSourceObject: {fileID: 0}
  m_PrefabInternal: {fileID: 0}
  m_GameObject: {fileID: 1584240214}
  m_Enabled: 1
  m_EditorHideFlags: 0
  m_Script: {fileID: 1077351063, guid: f70555f144d8491a825f0804e09c671c, type: 3}
  m_Name: 
  m_EditorClassIdentifier: 
  m_HorizontalAxis: Horizontal
  m_VerticalAxis: Vertical
  m_SubmitButton: Submit
  m_CancelButton: Cancel
  m_InputActionsPerSecond: 10
  m_RepeatDelay: 0.5
  m_ForceModuleActive: 0
--- !u!114 &1584240216
MonoBehaviour:
  m_ObjectHideFlags: 0
  m_CorrespondingSourceObject: {fileID: 0}
  m_PrefabInternal: {fileID: 0}
  m_GameObject: {fileID: 1584240214}
  m_Enabled: 1
  m_EditorHideFlags: 0
  m_Script: {fileID: -619905303, guid: f70555f144d8491a825f0804e09c671c, type: 3}
  m_Name: 
  m_EditorClassIdentifier: 
  m_FirstSelected: {fileID: 0}
  m_sendNavigationEvents: 1
  m_DragThreshold: 10
--- !u!4 &1584240217
Transform:
  m_ObjectHideFlags: 0
  m_CorrespondingSourceObject: {fileID: 0}
  m_PrefabInternal: {fileID: 0}
  m_GameObject: {fileID: 1584240214}
  m_LocalRotation: {x: 0, y: 0, z: 0, w: 1}
  m_LocalPosition: {x: 0, y: 0, z: 0}
  m_LocalScale: {x: 1, y: 1, z: 1}
  m_Children: []
  m_Father: {fileID: 0}
  m_RootOrder: 8
  m_LocalEulerAnglesHint: {x: 0, y: 0, z: 0}
--- !u!4 &1657617775 stripped
Transform:
  m_CorrespondingSourceObject: {fileID: 4886693494518554, guid: 86d21051d4835434bbd4395b4108d21b,
    type: 2}
  m_PrefabInternal: {fileID: 1568672736}
--- !u!4 &1694280658 stripped
Transform:
  m_CorrespondingSourceObject: {fileID: 4287358631996820, guid: 86d21051d4835434bbd4395b4108d21b,
    type: 2}
  m_PrefabInternal: {fileID: 1568672736}
--- !u!114 &1822064396 stripped
MonoBehaviour:
  m_CorrespondingSourceObject: {fileID: 114954396764935398, guid: 2e718a57da2c9c049b0d773b0b0d351f,
    type: 2}
  m_PrefabInternal: {fileID: 2065435698}
  m_Script: {fileID: -113659843, guid: f70555f144d8491a825f0804e09c671c, type: 3}
--- !u!1001 &2065435698
Prefab:
  m_ObjectHideFlags: 0
  serializedVersion: 2
  m_Modification:
    m_TransformParent: {fileID: 0}
    m_Modifications:
    - target: {fileID: 224218396703600026, guid: 2e718a57da2c9c049b0d773b0b0d351f,
        type: 2}
      propertyPath: m_LocalPosition.x
      value: 0
      objectReference: {fileID: 0}
    - target: {fileID: 224218396703600026, guid: 2e718a57da2c9c049b0d773b0b0d351f,
        type: 2}
      propertyPath: m_LocalPosition.y
      value: 0
      objectReference: {fileID: 0}
    - target: {fileID: 224218396703600026, guid: 2e718a57da2c9c049b0d773b0b0d351f,
        type: 2}
      propertyPath: m_LocalPosition.z
      value: 0
      objectReference: {fileID: 0}
    - target: {fileID: 224218396703600026, guid: 2e718a57da2c9c049b0d773b0b0d351f,
        type: 2}
      propertyPath: m_LocalRotation.x
      value: 0
      objectReference: {fileID: 0}
    - target: {fileID: 224218396703600026, guid: 2e718a57da2c9c049b0d773b0b0d351f,
        type: 2}
      propertyPath: m_LocalRotation.y
      value: 0
      objectReference: {fileID: 0}
    - target: {fileID: 224218396703600026, guid: 2e718a57da2c9c049b0d773b0b0d351f,
        type: 2}
      propertyPath: m_LocalRotation.z
      value: 0
      objectReference: {fileID: 0}
    - target: {fileID: 224218396703600026, guid: 2e718a57da2c9c049b0d773b0b0d351f,
        type: 2}
      propertyPath: m_LocalRotation.w
      value: 1
      objectReference: {fileID: 0}
    - target: {fileID: 224218396703600026, guid: 2e718a57da2c9c049b0d773b0b0d351f,
        type: 2}
      propertyPath: m_RootOrder
      value: 5
      objectReference: {fileID: 0}
    - target: {fileID: 224218396703600026, guid: 2e718a57da2c9c049b0d773b0b0d351f,
        type: 2}
      propertyPath: m_AnchoredPosition.x
      value: 0
      objectReference: {fileID: 0}
    - target: {fileID: 224218396703600026, guid: 2e718a57da2c9c049b0d773b0b0d351f,
        type: 2}
      propertyPath: m_AnchoredPosition.y
      value: 0
      objectReference: {fileID: 0}
    - target: {fileID: 224218396703600026, guid: 2e718a57da2c9c049b0d773b0b0d351f,
        type: 2}
      propertyPath: m_SizeDelta.x
      value: 0
      objectReference: {fileID: 0}
    - target: {fileID: 224218396703600026, guid: 2e718a57da2c9c049b0d773b0b0d351f,
        type: 2}
      propertyPath: m_SizeDelta.y
      value: 0
      objectReference: {fileID: 0}
    - target: {fileID: 224218396703600026, guid: 2e718a57da2c9c049b0d773b0b0d351f,
        type: 2}
      propertyPath: m_AnchorMin.x
      value: 0
      objectReference: {fileID: 0}
    - target: {fileID: 224218396703600026, guid: 2e718a57da2c9c049b0d773b0b0d351f,
        type: 2}
      propertyPath: m_AnchorMin.y
      value: 0
      objectReference: {fileID: 0}
    - target: {fileID: 224218396703600026, guid: 2e718a57da2c9c049b0d773b0b0d351f,
        type: 2}
      propertyPath: m_AnchorMax.x
      value: 0
      objectReference: {fileID: 0}
    - target: {fileID: 224218396703600026, guid: 2e718a57da2c9c049b0d773b0b0d351f,
        type: 2}
      propertyPath: m_AnchorMax.y
      value: 0
      objectReference: {fileID: 0}
    - target: {fileID: 224218396703600026, guid: 2e718a57da2c9c049b0d773b0b0d351f,
        type: 2}
      propertyPath: m_Pivot.x
      value: 0
      objectReference: {fileID: 0}
    - target: {fileID: 224218396703600026, guid: 2e718a57da2c9c049b0d773b0b0d351f,
        type: 2}
      propertyPath: m_Pivot.y
      value: 0
      objectReference: {fileID: 0}
    - target: {fileID: 223512696706612626, guid: 2e718a57da2c9c049b0d773b0b0d351f,
        type: 2}
      propertyPath: m_Camera
      value: 
      objectReference: {fileID: 519420031}
    - target: {fileID: 114134078273319484, guid: 2e718a57da2c9c049b0d773b0b0d351f,
        type: 2}
      propertyPath: m_havePropertiesChanged
      value: 1
      objectReference: {fileID: 0}
    - target: {fileID: 114134078273319484, guid: 2e718a57da2c9c049b0d773b0b0d351f,
        type: 2}
      propertyPath: m_isInputParsingRequired
      value: 1
      objectReference: {fileID: 0}
    - target: {fileID: 114464999269630664, guid: 2e718a57da2c9c049b0d773b0b0d351f,
        type: 2}
      propertyPath: m_havePropertiesChanged
      value: 1
      objectReference: {fileID: 0}
    - target: {fileID: 114464999269630664, guid: 2e718a57da2c9c049b0d773b0b0d351f,
        type: 2}
      propertyPath: m_isInputParsingRequired
      value: 1
      objectReference: {fileID: 0}
    m_RemovedComponents: []
  m_SourcePrefab: {fileID: 100100000, guid: 2e718a57da2c9c049b0d773b0b0d351f, type: 2}
  m_IsPrefabAsset: 0
--- !u!1001 &2078475524
Prefab:
  m_ObjectHideFlags: 0
  serializedVersion: 2
  m_Modification:
    m_TransformParent: {fileID: 0}
    m_Modifications:
    - target: {fileID: 4541220619257282, guid: d811081898fa10846a2ae700ba7549a5, type: 2}
      propertyPath: m_LocalPosition.x
      value: -10.02
      objectReference: {fileID: 0}
    - target: {fileID: 4541220619257282, guid: d811081898fa10846a2ae700ba7549a5, type: 2}
      propertyPath: m_LocalPosition.y
      value: -7
      objectReference: {fileID: 0}
    - target: {fileID: 4541220619257282, guid: d811081898fa10846a2ae700ba7549a5, type: 2}
      propertyPath: m_LocalPosition.z
      value: 0
      objectReference: {fileID: 0}
    - target: {fileID: 4541220619257282, guid: d811081898fa10846a2ae700ba7549a5, type: 2}
      propertyPath: m_LocalRotation.x
      value: 0
      objectReference: {fileID: 0}
    - target: {fileID: 4541220619257282, guid: d811081898fa10846a2ae700ba7549a5, type: 2}
      propertyPath: m_LocalRotation.y
      value: 0
      objectReference: {fileID: 0}
    - target: {fileID: 4541220619257282, guid: d811081898fa10846a2ae700ba7549a5, type: 2}
      propertyPath: m_LocalRotation.z
      value: 0
      objectReference: {fileID: 0}
    - target: {fileID: 4541220619257282, guid: d811081898fa10846a2ae700ba7549a5, type: 2}
      propertyPath: m_LocalRotation.w
      value: 1
      objectReference: {fileID: 0}
    - target: {fileID: 4541220619257282, guid: d811081898fa10846a2ae700ba7549a5, type: 2}
      propertyPath: m_RootOrder
      value: 3
      objectReference: {fileID: 0}
    m_RemovedComponents: []
  m_SourcePrefab: {fileID: 100100000, guid: d811081898fa10846a2ae700ba7549a5, type: 2}
  m_IsPrefabAsset: 0
--- !u!4 &2088469083 stripped
Transform:
  m_CorrespondingSourceObject: {fileID: 4009757386799072, guid: 86d21051d4835434bbd4395b4108d21b,
    type: 2}
  m_PrefabInternal: {fileID: 1568672736}
